@article{MutationSerpell10,
  author    = {Martin C. Serpell and
               James E. Smith},
  title     = {Self-Adaptation of Mutation Operator and Probability for
               Permutation Representations in Genetic Algorithms},
  journal   = {Evolutionary Computation},
  volume    = {18},
  number    = {3},
  year      = {2010},
  pages     = {491-514},
  ee        = {http://dx.doi.org/10.1162/EVCO_a_00006},
}

@inproceedings{FateBim10,
  author    = {Jan Bim and
               Giorgos Karafotias and
               Selmar K. Smit and
               A. E. Eiben and
               Evert Haasdijk},
  title     = {It's Fate: A Self-organising Evolutionary Algorithm},
  booktitle     = {Parallel Problem Solving from Nature - PPSN XII - 12th International
               Conference, Taormina, Italy, September 1-5, 2012, Proceedings,
               Part II},
  publisher = {Springer},
  series    = {Lecture Notes in Computer Science},
  volume    = {7492},
  year      = {2012},
  pages     = {185-194},
  ee        = {http://dx.doi.org/10.1007/978-3-642-32964-7_19},
  bibsource = {DBLP, http://dblp.uni-trier.de}
}

@inproceedings{SelectionPressureEiben06,
  author    = {A. E. Eiben and
               Martijn C. Schut and
               A. R. de Wilde},
  title     = {Is Self-adaptation of Selection Pressure and Population
               Size Possible? - A Case Study},
  booktitle = {PPSN},
  pages     = {900-909},
  ee        = {http://dx.doi.org/10.1007/11844297_91},
  editor    = {Thomas Philip Runarsson and
               Hans-Georg Beyer and
               Edmund K. Burke and
               Juan J. Merelo Guerv{\'o}s and
               L. Darrell Whitley and
               Xin Yao},
  booktitle     = {Parallel Problem Solving from Nature - PPSN IX, 9th International
               Conference, Reykjavik, Iceland, September 9-13, 2006, Procedings},
  publisher = {Springer},
  series    = {Lecture Notes in Computer Science},
  volume    = {4193},
  year      = {2006},
  isbn      = {3-540-38990-3},
  
}

@incollection{SelfRegulatedPopulationFernandes06,
year={2006},
isbn={978-3-540-38990-3},
booktitle={Parallel Problem Solving from Nature - PPSN IX},
volume={4193},
series={Lecture Notes in Computer Science},
editor={Runarsson, ThomasPhilip and Beyer, Hans-Georg and Burke, Edmund and Merelo-Guervós, JuanJ. and Whitley, L.Darrell and Yao, Xin},
doi={10.1007/11844297_93},
title={Self-regulated Population Size in Evolutionary Algorithms},
url={http://dx.doi.org/10.1007/11844297_93},
publisher={Springer Berlin Heidelberg},
author={Fernandes, Carlos and Rosa, Agostinho},
pages={920-929}
}

@incollection{ParameterControlEiben07,
  author    = {A. E. Eiben and
               Zbigniew Michalewicz and
               Marc Schoenauer and
               J. E. Smith},
  title     = {Parameter Control in Evolutionary Algorithms},
  booktitle = {Parameter Setting in Evolutionary Algorithms},
  year      = {2007},
  pages     = {19-46},
  ee        = {http://dx.doi.org/10.1007/978-3-540-69432-8_2},
  publisher = {Springer},
  series    = {Studies in Computational Intelligence},
  volume    = {54},
  editor    = {Fernando G. Lobo and
               Cl{\'a}udio F. Lima and
               Zbigniew Michalewicz},
  isbn      = {978-3-540-69431-1},
}

@incollection{GenericApproachKarafotias12,
year={2012},
isbn={978-3-642-29177-7},
booktitle={Applications of Evolutionary Computation},
volume={7248},
series={Lecture Notes in Computer Science},
editor={Chio, Cecilia and Agapitos, Alexandros and Cagnoni, Stefano and Cotta, Carlos and Vega, FranciscoFernández and Caro, GianniA. and Drechsler, Rolf and Ekárt, Anikó and Esparcia-Alcázar, AnnaI. and Farooq, Muddassar and Langdon, WilliamB. and Merelo-Guervós, JuanJ. and Preuss, Mike and Richter, Hendrik and Silva, Sara and Simões, Anabela and Squillero, Giovanni and Tarantino, Ernesto and Tettamanzi, AndreaG.B. and Togelius, Julian and Urquhart, Neil and Uyar, A.Şima and Yannakakis, GeorgiosN.},
doi={10.1007/978-3-642-29178-4_37},
title={A Generic Approach to Parameter Control},
publisher={Springer Berlin Heidelberg},
author={Karafotias, Giorgos and Smit, S.K. and Eiben, A.E.},
pages={366-375}
}

@INPROCEEDINGS{SelfOrganizedPopulationFeng12, 
author={Li Feng Zhang and Chen Xi Zhou}, 
booktitle={Evolutionary Computation (CEC), 2012 IEEE Congress on}, 
title={Self organized parallel genetic algorithm to automatically realize diversified convergence}, 
year={2012}, 
pages={1-9}, 
doi={10.1109/CEC.2012.6256642},}

@incollection{SelfAdaptationMeyer07,
  author    = {Silja Meyer-Nieberg and
               Hans-Georg Beyer},
  title     = {Self-Adaptation in Evolutionary Algorithms},
  booktitle = {Parameter Setting in Evolutionary Algorithms},
  year      = {2007},
  pages     = {47-75},
  editor    = {Fernando G. Lobo and
               Cl{\'a}udio F. Lima and
               Zbigniew Michalewicz},
  title     = {Parameter Setting in Evolutionary Algorithms},
  publisher = {Springer},
  series    = {Studies in Computational Intelligence},
  volume    = {54},
  year      = {2007},
  isbn      = {978-3-540-69431-1},
}

@inproceedings{MutationDiffEvoPedrosa11,
 author = {Pedrosa Silva, Rodrigo C{\'e}sar and Lopes, Rodolfo Ayala and Guimar\~{a}es, Frederico Gadelha},
 title = {Self-adaptive mutation in the differential evolution},
 booktitle = {Proceedings of the 13th annual conference on Genetic and evolutionary computation},
 series = {GECCO '11},
 year = {2011},
 isbn = {978-1-4503-0557-0},
 location = {Dublin, Ireland},
 pages = {1939--1946},
 numpages = {8},
 url = {http://doi.acm.org/10.1145/2001576.2001837},
 doi = {10.1145/2001576.2001837},
 acmid = {2001837},
 publisher = {ACM},
 address = {New York, NY, USA},
 keywords = {differential evolution, evolutionary algorithms, numerical optimization, self-adaptation},
}

@inproceedings{SelfAdaptingFitnessDinu13,
  author    = {Cristian M. Dinu and
               Plamen Dimitrov and
               Berend Weel and
               A. E. Eiben},
  title     = {Self-adapting fitness evaluation times for on-line evolution
               of simulated robots},
  editor    = {Christian Blum and
               Enrique Alba},
  booktitle     = {Genetic and Evolutionary Computation Conference, GECCO '13,
               Amsterdam, The Netherlands, July 6-10, 2013},
  year      = {2013},
  pages     = {191-198},
  publisher = {ACM},
  ee        = {http://doi.acm.org/10.1145/2463372.2463405},
}

