@inproceedings{DBLP:conf/ppsn/KrasnogorBBH02,
  author    = {Natalio Krasnogor and
               B. P. Blackburne and
               Edmund K. Burke and
               Jonathan D. Hirst},
  title     = {Multimeme Algorithms for Protein Structure Prediction},
  booktitle = {PPSN},
  year      = {2002},
  pages     = {769-778},
  ee        = {http://dx.doi.org/10.1007/3-540-45712-7_74},
  crossref  = {DBLP:conf/ppsn/2002},
  bibsource = {DBLP, http://dblp.uni-trier.de}
}
@proceedings{DBLP:conf/ppsn/2002,
  editor    = {Juan J. Merelo Guerv{\'o}s and
               Panagiotis Adamidis and
               Hans-Georg Beyer and
               Jos{\'e} Luis Fern{\'a}ndez-Villaca{\~n}as Mart\'{\i}n and
               Hans-Paul Schwefel},
  title     = {Parallel Problem Solving from Nature - PPSN VII, 7th International
               Conference, Granada, Spain, September 7-11, 2002, Proceedings},
  booktitle = {PPSN},
  publisher = {Springer},
  series    = {Lecture Notes in Computer Science},
  volume    = {2439},
  year      = {2002},
  isbn      = {3-540-44139-5},
  bibsource = {DBLP, http://dblp.uni-trier.de}
  }